
:20:STARTUMSE
:25:29485723/0932104953
:28C:00016/001
:60F:C120928EUR9503,91
:61:1210011001DR199,00N012NONREF
:86:008?00DAUERAUFTRAG?107000?20KOHLE UND LK?3094392193?313945824
293?32HANZ MEIERSEN?34997
:61:1210011001DR910,00N011NONREF
:86:005?00LASTSCHRIFTEINZUG?109208?2039482334.32-1?21EFG. 12/12?2
2BUXDEHNSTR. 99?3038591049?3118473732?32GMBH UND CO KG FIRMA
:61:1210011001CR99,00N060NONREF
:86:052?00ZAHLUNGSEINGANG?109201?20SPENDE VON EINER SPENDERINR?30
38402124?31048592384?32LUCY LIEBLICHENOW
:62F:C121001EUR8493,91
-